<?xml version="1.0" encoding="UTF-8"?><collection xmlns="http://www.loc.gov/MARC21/slim"><record><leader>00399nam--2200121-i-4500</leader><controlfield tag="001">000001550</controlfield><controlfield tag="002">20161230</controlfield><controlfield tag="005">20161230201024</controlfield><controlfield tag="008">060222s1000------------r-----000-0-eng-d</controlfield><datafield ind1=" " ind2=" " tag="245"><subfield code="a">Ergebnisse der mathematik und ihrer grenzgebiete.miranda carlo-partial differential equations elliptic type</subfield></datafield><datafield ind1=" " ind2=" " tag="260"><subfield code="a">Berlin, Springer-verlag, 1970. Xii + 370 P</subfield></datafield><datafield ind1=" " ind2=" " tag="852"><subfield code="a">46497</subfield><subfield code="c">517.9</subfield></datafield><datafield ind1=" " ind2=" " tag="CAT"><subfield code="a">Sys</subfield><subfield code="c">20081104</subfield><subfield code="h">100814</subfield></datafield></record></collection>